
 @misc{ pic:aes-ctr,
   author = "WhiteTimberwolf",
   title = "CTR encryption",
   year = "2013",
   url = "https://commons.wikimedia.org/wiki/File:CTR_encryption_2.svg",
   urlseen = "2022-12-12",
   note = "File: \ttfamily CTR\_encryption\_2.svg. \emph{Public domain}, via Wikimedia Commons."
 }

